% This is Bibtex, not Biblatex

@manual{zynqmp-trm,
	organization = "Advanced Micro Devices, Inc.",
	title = "Zynq UltraScale+ Device, Technical Reference Manual",
	number = "UG1085 (v2.3.1)",
	note         = {\url {https://docs.xilinx.com/r/en-US/ug1085-zynq-ultrascale-trm}},
	year = 2023,
	month = jan
}

@manual{cortex-a53-trm,
	organization = "ARM Limited",
	title = "Arm Cortex-A53 MPCore Processor, Revision: r0p4, Technical Reference Manual",
	note         = {ARM DDI 0500D, \url{https://developer.arm.com/documentation/ddi0500/latest/}},
	year = 2018
}


@manual{arm-arm,
	organization = "ARM Limited",
	title = "ARM Architecture Reference Manual, ARMv8, for ARMv8-A architecture profile",
	note = {ARM DDI 0487A.k, \url{https://developer.arm.com/documentation/ddi0487/ak/}},
	year = 2016
}

@manual{arm-baremetal,
	organization = "ARM Limited",
	title = "Bare-metal Boot Code for ARMv8-A Processors",
	note = "ARM DAI 0527A, \url{https://developer.arm.com/documentation/dai0527/a}",
	year = 2017
}

@manual{gic-400-trm,
	organization = "ARM Limited",
	title = "CoreLink GIC-400 Generic Interrupt Controller Technical Reference Manual",
	note = {ARM DDI 0471B, \url{https://developer.arm.com/documentation/ddi0471/b}},
	year = 2012
}

@manual{gic2-spec,
	organization = "ARM Limited",
	title = "Generic Interrupt Controller, Architecture version 2.0, Architecture Specification",
	note = "ARM IHI 0048B.b, \url{https://developer.arm.com/documentation/ihi0048/b/}",
	year = 2013
}

@manual{tfa-porting-guide,
        organization = "Arm Limited and Contributors",
        title = "Porting Guide â€” Trusted Firmware-A documentation",
        note = {\url{https://trustedfirmware-a.readthedocs.io/en/latest/porting-guide.html}},
        year = 2023
}

@manual{zynqmp-registers,
	organization = "Advanced Micro Devices, Inc.",
	title = "Zynq UltraScale+ Devices Register Reference",
	note = "UG1087 (v1.9), \url{https://docs.xilinx.com/r/en-US/ug1087-zynq-ultrascale-registers}",
	year = 2022,
	month = 05,
	day = 18
}

@misc{zielinski:task-isolation,
    author = "Zielinski, D.",
    title  = {How to isolate a task execution in {L}inux},
    month  = sep,
    year   = 2021,
    note = {Available internally at \url{https://wikis.cern.ch/display/TEEPCCCS/EPC-CCS+Internal+Training}}
}
